@article{taylor2018forecasting,
	title={Forecasting at scale},
	author={Taylor, Sean J and Letham, Benjamin},
	journal={The American Statistician},
	volume={72},
	number={1},
	pages={37--45},
	year={2018},
	publisher={Taylor \& Francis}
}

@book{bishop2006pattern,
  title={Pattern Recognition and Machine Learning},
  author={Bishop, Christopher M},
  year={2006},
  publisher={Springer}
}

@book{tsay2005analysis,
	title={Analysis of financial time series},
	author={Tsay, Ruey S},
	volume={543},
	year={2005},
	publisher={John wiley \& sons}
}

@MISC{svmregression,
	author = {Priya Pedamkar},
	title = {Support Vector Regression},
	year = {2020},
	howpublished={\url{https://www.educba.com/support-vector-regression/}}
}

@MISC{randomforestregression,
	author = {Gurucharan M K},
	title = {Machine Learning Basics: Random Forest Regression},
	month=july
	year = {2020},
	howpublished={\url{https://towardsdatascience.com/machine-learning-basics-random-forest-regression-be3e1e3bb91a}}
}

@MISC{decisiontreeregression,
	author = {Gurucharan M K},
	title = {Machine Learning Basics: Decision Tree Regression},
	month=july
	year = {2020},
	howpublished={\url{https://towardsdatascience.com/machine-learning-basics-decision-tree-regression-1d73ea003fda}}
}

@MISC{prophetwebsite,
	author = {Facebook Prophet Project},
	title = {Prophet: Forecasting at scale},
	howpublished={\url{https://facebook.github.io/prophet/}}
}

@article{abiodun2018state,
	title={State-of-the-art in artificial neural network applications: A survey},
	author={Abiodun, Oludare Isaac and Jantan, Aman and Omolara, Abiodun Esther and Dada, Kemi Victoria and Mohamed, Nachaat AbdElatif and Arshad, Humaira},
	journal={Heliyon},
	volume={4},
	number={11},
	pages={e00938},
	year={2018},
	publisher={Elsevier}
}

@article{hochreiter1997long,
	title={Long short-term memory},
	author={Hochreiter, Sepp and Schmidhuber, J{\"u}rgen},
	journal={Neural computation},
	volume={9},
	number={8},
	pages={1735--1780},
	year={1997},
	publisher={MIT Press}
}
