@article{taylor2018forecasting,
	title={Forecasting at scale},
	author={Taylor, Sean J and Letham, Benjamin},
	journal={The American Statistician},
	volume={72},
	number={1},
	pages={37--45},
	year={2018},
	publisher={Taylor \& Francis}
}

@book{bishop2006pattern,
  title={Pattern Recognition and Machine Learning},
  author={Bishop, Christopher M},
  year={2006},
  publisher={Springer}
}

@book{tsay2005analysis,
	title={Analysis of financial time series},
	author={Tsay, Ruey S},
	volume={543},
	year={2005},
	publisher={John wiley \& sons}
}
